<record><leader>00000cas a2200000 a 4500</leader><controlfield tag="001">28565843</controlfield><controlfield tag="008">930804d19uu192ucaudn ne      0    0eng c</controlfield><datafield ind1=" " ind2=" " tag="010"><subfield code="a">sn 93053359 </subfield></datafield><datafield ind1=" " ind2=" " tag="040"><subfield code="a">CNK</subfield><subfield code="b">eng</subfield><subfield code="c">CNK</subfield><subfield code="d">OCLCQ</subfield><subfield code="d">OCLCF</subfield><subfield code="d">OCLCO</subfield></datafield><datafield ind1=" " ind2=" " tag="042"><subfield code="a">pcc</subfield></datafield><datafield ind1=" " ind2=" " tag="043"><subfield code="a">n-us-ca</subfield></datafield><datafield ind1="0" ind2=" " tag="130"><subfield code="a">Hayward review (Hayward, Calif. : 1925)</subfield></datafield><datafield ind1="1" ind2="4" tag="245"><subfield code="a">The Hayward review.</subfield></datafield><datafield ind1=" " ind2=" " tag="260"><subfield code="a">Hayward, Calif. :</subfield><subfield code="b">Melo &amp; Moore</subfield></datafield><datafield ind1=" " ind2=" " tag="300"><subfield code="a">v.</subfield></datafield><datafield ind1=" " ind2=" " tag="310"><subfield code="a">Daily (except Sun.)</subfield></datafield><datafield ind1=" " ind2=" " tag="588"><subfield code="a">Description based on: 34th year, no. 264 (Jan. 4, 1925).</subfield></datafield><datafield ind1=" " ind2="0" tag="651"><subfield code="a">Hayward (Calif.)</subfield><subfield code="v">Newspapers.</subfield></datafield><datafield ind1=" " ind2="7" tag="655"><subfield code="a">Newspapers.</subfield><subfield code="2">fast</subfield><subfield code="0">(OCoLC)fst01423814</subfield></datafield><datafield ind1=" " ind2="7" tag="651"><subfield code="a">California</subfield><subfield code="z">Hayward.</subfield><subfield code="2">fast</subfield><subfield code="0">(OCoLC)fst01214375</subfield></datafield><datafield ind1=" " ind2=" " tag="752"><subfield code="a">United States</subfield><subfield code="b">California</subfield><subfield code="c">Alameda</subfield><subfield code="d">Hayward.</subfield></datafield><datafield ind1="0" ind2=" " tag="775"><subfield code="t">Hayward semi-weekly review</subfield><subfield code="w">(DLC)sn 93053364</subfield></datafield><datafield ind1="0" ind2="0" tag="785"><subfield code="t">Daily Hayward review (Hayward, Calif. : 1927)</subfield><subfield code="w">(DLC)sn 93053360</subfield></datafield></record>